%articolo in rivista
@article{zhuang2017emotion,
  title={Emotion recognition from EEG signals using multidimensional information in EMD domain},
  author={Zhuang, Ning and Zeng, Ying and Tong, Li and Zhang, Chi and Zhang, Hanming and Yan, Bin},
  journal={BioMed research international},
  volume={2017},
  year={2017},
  publisher={Hindawi}
}

@article{alarcao2017emotions,
  title={Emotions recognition using EEG signals: A survey},
  author={Alarcao, Soraia M and Fonseca, Manuel J},
  journal={IEEE Transactions on Affective Computing},
  year={2017},
  publisher={IEEE}
}

@article{hsu2003practical,
  title={A practical guide to support vector classification},
  author={Hsu, Chih-Wei and Chang, Chih-Chung and Lin, Chih-Jen and others},
  year={2003},
  publisher={Taipei}
}

%Libri
@book{bishop2006pattern,
  title={Pattern recognition and machine learning},
  author={Bishop, C.M.},
  year={2006},
  publisher={Springer New York}
}

@article{lecun2015deep,
  title={Deep learning},
  author={LeCun, Yann and Bengio, Yoshua and Hinton, Geoffrey},
  journal={nature},
  volume={521},
  number={7553},
  pages={436},
  year={2015},
  publisher={Nature Publishing Group}
}	